# Citations. I suggest using https://www.doi2bib.org/ if you have the doi of your book, paper, etc. 

@book{Watrous2018,
  title = {The Theory of Quantum Information},
  ISBN = {9781107180567},
  url = {http://dx.doi.org/10.1017/9781316848142},
  DOI = {10.1017/9781316848142},
  publisher = {Cambridge University Press},
  author = {Watrous,  John},
  year = {2018},
  month = apr 
}